<record><leader>00000cas a2200000Ma 4500</leader><controlfield tag="001">11106028</controlfield><controlfield tag="008">840830d18531861wvuwr ne      0    0eng d</controlfield><datafield ind1=" " ind2=" " tag="010"><subfield code="a">sn 84037872 </subfield></datafield><datafield ind1=" " ind2=" " tag="040"><subfield code="a">AQM</subfield><subfield code="b">eng</subfield><subfield code="c">AQM</subfield><subfield code="d">OCLCQ</subfield></datafield><datafield ind1="0" ind2=" " tag="130"><subfield code="a">Virginia chronicle (Ravenswood, Va.)</subfield></datafield><datafield ind1="1" ind2="0" tag="245"><subfield code="a">Virginia chronicle.</subfield></datafield><datafield ind1=" " ind2=" " tag="260"><subfield code="a">Ravenswood, Va. :</subfield><subfield code="b">D[aniel] F. Frost</subfield></datafield><datafield ind1=" " ind2=" " tag="300"><subfield code="a">v. ;</subfield><subfield code="c">60 cm.</subfield></datafield><datafield ind1="1" ind2=" " tag="362"><subfield code="a">Established Sept. 1, 1853; suspended in 1861.</subfield><subfield code="z">Cf. Hardesty, H.H. Hardesty's Historical and Geographical Encylopedia . . .Roane, Calhoun, Jackson, and Wirt Counties.</subfield></datafield><datafield ind1=" " ind2=" " tag="500"><subfield code="a">Established by W.P. Frost who sold it to his brother Col. Daniel Frost, of the 11th Va. Vol. Inf., who suspended publication in 1861. In 1862 "by accident" the office material burned. Cf. Early Hist. of Pioneer Days in Jackson Co.</subfield></datafield><datafield ind1=" " ind2=" " tag="588"><subfield code="a">Description based on: Vol. 2, no. 7 (Dec. 3, 1857).</subfield></datafield><datafield ind1=" " ind2="7" tag="655"><subfield code="a">Newspapers.</subfield><subfield code="2">rbgenr</subfield></datafield><datafield ind1=" " ind2=" " tag="752"><subfield code="a">United States</subfield><subfield code="b">West Virginia</subfield><subfield code="c">Jackson</subfield><subfield code="d">Ravenswood.</subfield></datafield><datafield ind1=" " ind2=" " tag="752"><subfield code="a">United States</subfield><subfield code="b">Virginia</subfield><subfield code="c">Jackson</subfield><subfield code="d">Ravenswood.</subfield></datafield><datafield ind1="1" ind2=" " tag="029"><subfield code="a">AU@</subfield><subfield code="b">000025816667</subfield></datafield></record>